@article{sicart2011,
  title={Against procedurality},
  author={Sicart, Miguel},
  journal={Game studies},
  volume={11},
  number={3},
  pages={209},
  year={2011}
}